% Encoding: UTF-8

@Book{Theis2014,
  author = {Thomas Theis},
  title  = {Einführung in Python},
  year   = {2014},
  isbn   = {978-3-8362-2861-9},
}

@Book{GeraldTeschl2008,
  author    = {Gerald Teschl and Susanne Teschl},
  publisher = {Springer-Verlag Berlin Heidelberg},
  title     = {Mathematik für Informatiker - Band 1 diskrete Mathematik und Lineare Algebra},
  year      = {2008},
  isbn      = {378-3-540-77431-0},
}

@Book{Schrepel2011,
  author    = {Cornelia Schrepel},
  publisher = {Web-Entwickler-Verlag},
  title     = {Niemals mit Terroristen verhandeln! - Warum kleinen Kindern nicht zu trauen ist.},
  year      = {2011},
  isbn      = {378-3-243-63454-0},
}

@Book{Weigel2015,
  author    = {Thorsten Sett-Weigel},
  publisher = {Umschuldozenten-Verlag},
  title     = {Schach in der fünften Dimension kodieren},
  year      = {2015},
  isbn      = {378-2-545-64589-0},
}

@Comment{jabref-meta: databaseType:bibtex;}
